<record><leader>00000cas a22000007a 4500</leader><controlfield tag="001">25364358</controlfield><controlfield tag="008">920228d18911917ctudn ne      0    0eng d</controlfield><datafield ind1=" " ind2=" " tag="010"><subfield code="a">sn 92051174 </subfield></datafield><datafield ind1=" " ind2=" " tag="040"><subfield code="a">CNW</subfield><subfield code="b">eng</subfield><subfield code="c">CNW</subfield><subfield code="d">OCLCQ</subfield></datafield><datafield ind1=" " ind2=" " tag="042"><subfield code="a">msc</subfield></datafield><datafield ind1="0" ind2=" " tag="130"><subfield code="a">Bridgeport standard (Bridgeport, Conn.)</subfield></datafield><datafield ind1="1" ind2="4" tag="245"><subfield code="a">The Bridgeport standard.</subfield></datafield><datafield ind1="1" ind2="7" tag="246"><subfield code="a">Bridgeport daily standard</subfield></datafield><datafield ind1=" " ind2=" " tag="260"><subfield code="a">Bridgeport, Conn. :</subfield><subfield code="b">Standard As-ociation [sic]</subfield></datafield><datafield ind1=" " ind2=" " tag="300"><subfield code="a">v.</subfield></datafield><datafield ind1=" " ind2=" " tag="310"><subfield code="a">Daily (except Sun. and holidays)</subfield></datafield><datafield ind1="0" ind2=" " tag="362"><subfield code="a">Vol. 40, no. 45 (Oct. 12, 1891)-July 17, 1917.</subfield></datafield><datafield ind1=" " ind2=" " tag="515"><subfield code="a">Contains numbering inconsistencies.</subfield></datafield><datafield ind1=" " ind2=" " tag="530"><subfield code="a">Available on microfilm from UMI.</subfield></datafield><datafield ind1=" " ind2=" " tag="580"><subfield code="a">Weekly ed.: Republican standard (Bridgeport, Conn.), 1891-Oct. 9, 1913.</subfield></datafield><datafield ind1=" " ind2="4" tag="651"><subfield code="a">Bridgeport (Conn.)</subfield><subfield code="v">Newspapers.</subfield></datafield><datafield ind1=" " ind2=" " tag="752"><subfield code="a">United States</subfield><subfield code="b">Connecticut</subfield><subfield code="c">Fairfield</subfield><subfield code="d">Bridgeport.</subfield></datafield><datafield ind1="1" ind2=" " tag="775"><subfield code="t">Republican standard (Bridgeport, Conn.)</subfield><subfield code="w">(DLC)sn 84022455</subfield><subfield code="w">(OCoLC)10422332</subfield></datafield><datafield ind1="0" ind2="0" tag="780"><subfield code="t">Bridgeport daily standard (Bridgeport, Conn. : 1869)</subfield><subfield code="w">(DLC)sn 92051172</subfield></datafield><datafield ind1="0" ind2="0" tag="785"><subfield code="t">Bridgeport standard-American</subfield><subfield code="w">(DLC)sn 92051173</subfield></datafield><datafield ind1="1" ind2=" " tag="029"><subfield code="a">AU@</subfield><subfield code="b">000020692723</subfield></datafield></record>